@article{kagadis2013cloud,
  title={Cloud computing in medical imaging},
  author={Kagadis, George C and Kloukinas, Christos and Moore, Kevin and Philbin, Jim and Papadimitroulas, Panagiotis and Alexakos, Christos and Nagy, Paul G and Visvikis, Dimitris and Hendee, William R},
  journal={Medical physics},
  volume={40},
  number={7},
  pages={070901},
  year={2013},
  publisher={American Association of Physicists in Medicine}
}

@article{andreas2014knowledge,
  title={Knowledge discovery and interactive data mining in bioinformatics-state-of-the-art, future challenges and research directions},
  author={Andreas, Holzinger and Dehmer, Matthias and Jurisica, Igor},
  journal={BMC bioinformatics},
  volume={15},
  number={Suppl 6},
  pages={I1},
  year={2014},
  publisher={BioMed Central}
}

@article{bubendorf2001tissue,
  title={Tissue microarray (TMA) technology: miniaturized pathology archives for high-throughput in situ studies},
  author={Bubendorf, Lukas and Nocito, Antonio and Moch, Holger and Sauter, Guido},
  journal={The Journal of pathology},
  volume={195},
  number={1},
  pages={72--79},
  year={2001},
  publisher={Wiley Online Library}
}

@book{tavani2006ethics,
  title={Ethics, Computing, and Genomics: Edited by Herman T. Tavani},
  author={Tavani, Herman T},
  year={2006},
  publisher={Jones \& Bartlett Learning}
}

@article{hongladarom2006ethics,
  title={Ethics of bioinformatics: a convergence between bioethics and computer ethics},
  author={Hongladarom, Soraj},
  journal={Asian Biotech and Dev Rev},
  volume={9},
  pages={37--44},
  year={2006}
}

@article{triendl2001japan,
  title={Japan's bioinformatics efforts misguided},
  author={Triendl, Robert},
  journal={Nature biotechnology},
  volume={19},
  number={2},
  pages={107--108},
  year={2001},
  publisher={Nature Publishing Group}
}